@string{globecom = "IEEE Global Telecommunications Conference"}
@string{commlett = "IEEE Communications Letters"}
@string{signal = "IEEE Signal Processing Letters"}
@string{caspp = "Proc. IEEE International Conference Accoustic, Speech and Signal Processing"}
@string{workshop2 = "Second International Workshop on Independent Component Analysis and Blind Signal Separation"}
@string{rinaskamm = "5th International ITG Conference on Source and Channel Coding"}
@book{Kam96,
  author = "K.-D. Kammeyer",
  title = "{Nachrichtenübertragung}",
  year = "1996",
  publisher = "{B}.{G}.{T}eubner {V}erlag",
  address = "{S}tuttgart"}
 
@book{KK01,
  author = "K.-D. Kammeyer and V. Kühn",
  title = "{M}atlab in der {N}achrichtentechnik",
  year = "2001",
  publisher = "{J}.{S}chlembach-{V}erlag",
  address = "{W}eil der Stadt"} 
  
@book{KK97,
  author = "K.-D. Kammeyer and K. Kroschel",
  title = "{D}igitale {S}ignalverarbeitung",
  year = "1997",
  publisher = "{B}.{G}.{T}eubner {V}erlag",
  address = "{S}tuttgart"}
  
@book{Bro99,
  author = "I.N. Bronstein and K.A. Semendjajew and Gerhard Musiol and Heiner Mühlig",
  title = "{T}aschenbuch der {M}athematik",
  year = "1999",
  publisher = "Harri Deutsch Verlag",
  address = "Frankfurt am Main"}
  
@book{BB99,
  author = "Sergio Benedetto and Ezio Biglieri",
  title = "{P}rinciples of {D}igital {T}ransmission with {W}ireless {A}pplication",
  year = "1999",
  publisher = "Kluwer {A}cademic / {P}lenum {P}ublisher",
  address = "New York"}
  
@book{Hay00,
  author = "Simon Haykin",
  title = "{U}nsupervised {A}daptive {F}iltering {V}ol. 1 {B}lind {S}ource {S}eparation",
  year = "2000",
  publisher = "Wiley Interscience",
  series = "Adaptive and Learning {S}ystems for {S}ignal {P}rocessing, {C}ommunication and {C}ontrol",
  address = "New York"}

@book{LR99,
  author = "Joseph C. Liberti and Theodore S. Rappaport",
  title = "{S}mart antennas for wireless communications: {I}{S}-95 and third {C}{D}{M}{A} applications",
  year = "1999",
  publisher = "Prentice Hall Communication engeneering and emerging technology series",
  address = "USA"}

@book{D04,
  author = "Michael Deschner",
  title = "{R}äumliche {K}analmodelle",
  year = "2004 ",
  publisher = "Projektarbeit im Arbeitsbereich Nachrichtentechnik der Universität Bremen"}

@inproceedings{PP96,
  author = "Constantinos B. Papadias and Arogoyaswami Paulraj",
  title = "{A} {C}onstant {M}odulus {A}lgorithm for {M}ultiuser {S}ignal {S}eparation in {P}resence of {D}elay {S}pread {U}sing {A}ntenna {A}rrays",
  year = "Vol. 4, No. 6, 1997",
  booktitle = signal}  
 
@inproceedings{MDC00,
  author = "Cristina Mejuto and Adriana Dapena and Luis Castedo",
  title = "{F}requency--{D}omain {I}nfomax for {B}lind {S}eparation of {C}onvolutive {M}ixtures",
  year = "June 19--22, 2000",
  booktitle = workshop2}     

@inproceedings{RK04,
  author = "Jürgen Rinas and K.-D. Kammeyer",
  title = "{C}omparison of {B}lind {S}ource {S}eparation {M}ethods based on {I}terative {A}lgorithm",
  year = "January 14-16, 2004",
  booktitle = rinaskamm}  
  
@inproceedings{AD98,
  author = "S. Amari and S.C. Douglas",
  title = "Why Natural Gradient",
  year = "Mai 1998",
  booktitle = caspp}    
  
@inproceedings{TA83,
  author = "John R. Treichler and Brian G. Agee",
  title = "A new approach to multipath correction of constant modulus signals",
  year = "April 1983",
  booktitle = caspp}      
