@string{globecom = "IEEE Global Telecommunications Conference"}
@string{commlett = "IEEE Communications Letters"}
@string{signal = "IEEE Signal Processing Letters"}
@string{comm = "Proc. IEEE International Conference on Communications"}
@string{workshop2 = "Second International Workshop on Independent Component Analysis and Blind Signal Separation"}
@string{rinaskamm = "5th International ITG Conference on Source and Channel Coding"}
@string{kuehn = "IEEE International Symposium on Spread Spectrum Techniques and Applications (ISSSTA) Sydney, Australia "}
@string{digital = "Seminar on Digital Communication, Zurich"}
@book{Pro01,
  author = "J.G. Proakis",
  title = "{Digital Communication}",
  year = "2001",
  publisher = "McGraw-Hill Higher Education",
  address = "{S}ingapore"}
 
@book{Kam04,
  author = "K.-D. Kammeyer",
  title = "{N}achrichtenuebertragung",
  year = "2004",
  publisher = "{B}.{G}.{T}eubner {V}erlag",
  address = "{S}tuttgart"} 
  
@book{TC91,
  author = "T.M. Cover and J.A. Thomas",
  title = "{E}lements of {I}formation {T}heory",
  year = "1991",
  publisher = "Wiley-Interscience",
  address = "{N}ew {J}ersey"}

@inproceedings{Kuehn,
  author = "Volker Kuehn",
  title = "{A}nalysis of {I}terative {M}ulti-user {D}etection {S}chemes",
  year = "30.8.2004",
  booktitle = kuehn}  
 
@inproceedings{GC,
  author = "Alessandro Nordio, Marco Hernandez and Giuseppe Caire",
  title = "{D}esign and {P}erformance of a {L}ow-{C}omplexity {I}terative {M}ultiuser {J}oint {D}ecoder {B}ased on {V}iterbi {D}ecoding and {P}arallel {I}nterference {C}ancellation ",
  year = "April, 2002",
  booktitle = comm}     

@inproceedings{VTC,
  author = "Christian Schlegel and Zhenning Shi",
  title = "{O}ptimal {P}ower {A}llocation and {C}ode {S}election in {I}terative {D}etection of {R}andom {CDMA}",
  year = "2004",
  booktitle = digital}  
  
@inproceedings{AD98,
  author = "S. Amari and S.C. Douglas",
  title = "Why Natural Gradient",
  year = "Mai 1998",
  booktitle = caspp}    
  
@inproceedings{TA83,
  author = "John R. Treichler and Brian G. Agee",
  title = "A new approach to multipath correction of constant modulus signals",
  year = "April 1983",
  booktitle = caspp}      
