@string{globecom = "IEEE Global Telecommunications Conference"}
@string{commlett = "IEEE Communications Letters"}
@string{signal = "IEEE Signal Processing Letters"}
@string{comm = "Proc. IEEE International Conference on Communications"}
@string{it = "IEEE Trans, on Information Technology"}
@string{workshop2 = "Second International Workshop on Independent Component Analysis and Blind Signal Separation"}
@string{rinaskamm = "5th International ITG Conference on Source and Channel Coding"}
@string{kuehn = "IEEE International Symposium on Spread Spectrum Techniques and Applications (ISSSTA) Sydney, Australia "}
@string{bcjr = "International Symposium on Information Theory, Asilomar, California"}
@string{digital = "Seminar on Digital Communication, Zurich"}
@string{ten = "IEEE/ITG Conference on Source and Channel Coding, Munich, Germany"}
@string{mcss = "Fifth International Workshop on Multi-Carrier Spread-Spectrum, Oberpfaffenhofen, Germany
"}
@book{Pro01,
  author = "J.G. Proakis",
  title = "{Digital Communication}",
  year = "2001",
  publisher = "McGraw-Hill Higher Education",
  address = "{S}ingapore"}
 
 
@book{TC91,
  author = "T.M. Cover and J.A. Thomas",
  title = "{E}lements of {I}formation {T}heory",
  year = "1991",
  publisher = "Wiley-Interscience",
  address = "{N}ew {J}ersey"}

@book{K05,
  author = "V. Kuehn",
  title = "{D}igital {C}ommunications over {M}IMO {C}hannels",
  year = "2005",
  publisher = "Habilitationsschrift",
  address = ""}


@inproceedings{Kuehn,
  author = "V. Kuehn",
  title = "{A}nalysis of {I}terative {M}ulti-user {D}etection {S}chemes {W}ith {EXIT} {C}harts",
  year = "30.8.2004",
  booktitle = kuehn}  
 
@inproceedings{GC,
  author = "A. Nordio and M. Hernandez and G. Caire",
  title = "{D}esign and {P}erformance of a {L}ow-{C}omplexity {I}terative {M}ultiuser {J}oint {D}ecoder {B}ased on {V}iterbi {D}ecoding and {P}arallel {I}nterference {C}ancellation ",
  year = "April, 2002",
  booktitle = it}     

@inproceedings{VTC,
  author = "C. Schlegel and Z. Shi",
  title = "{O}ptimal {P}ower {A}llocation and {C}ode {S}election in {I}terative {D}etection of {R}andom {CDMA}",
  year = "2004",
  booktitle = digital}  
  
@inproceedings{JC,
  author = "J. Boutros and G. Caire",
  title = "{I}terative {M}ultiuser {J}oint {D}ecoding {U}nified {F}ramework and {A}symptotic {A}nalysis",
  year = "December 2001",
  booktitle = it}    
  
@inproceedings{BCJR,
  author = "L.R. Bahl and J. Cocke and F. Jelinek and  J. Raviv",
  title = "{O}ptimal {D}ecoding {O}f {L}inear {C}odes {F}or {M}inimizing {S}ymbol {E}rror {R}ate",
  year = "July 1972",
  booktitle = bcjr}      

@inproceedings{MLP,
  author = "P. Robertson and P. Hoeher and E. Villebrun",
  title = "{O}ptimal and {S}ub-{O}ptimal {M}aximum a {P}osteriori {A}lgorithms {S}uitable {F}or {T}urbo {D}ecoding",
  year = "March 1995"} 

@inproceedings{TUR,
  author = "C. Berrou and A. Glavieux and P. Thitimajshima",
  title = "Near {S}hannon {L}imit {E}rror - {C}orrecting {C}oding and {D}ecoding: {T}urbo-{C}odes(1)",
  year = "May 1993",
  booktitle = comm} 

@inproceedings{TEN,
  author = "S. Ten Brink",
  title = "{I}terative {D}ecoding {T}rajectories of {P}arallel {C}oncatenated {C}odes",
  year = "January 2000",
  booktitle = ten} 
  
@inproceedings{PETRA,
  author = "P. Weitkemper and V. Kuehn and K.-D. Kammeyer",
  title = "{A}nalysis {O}f {I}terative {S}uccessive {I}nterference {C}ancellation {I}N {SC}-{CDMA} {S}ystems",
  year = "September 2005",
  booktitle = mcss} 
